<?xml version="1.0" encoding="UTF-8"?>
<record>
  <leader>01693cgm#a22003732c#4500</leader>
  <controlfield tag="003">DE-605</controlfield>
  <controlfield tag="005">20250526175722.0</controlfield>
  <controlfield tag="007">cr</controlfield>
  <controlfield tag="007">vd</controlfield>
  <controlfield tag="008">240228t2018||||xx#|||||#|||||o|||v|eng|c</controlfield>
  <controlfield tag="001">99375631931206441</controlfield>
  <datafield tag="035" ind1=" " ind2=" ">
    <subfield code="a">(DE-605)HT031118367</subfield>
  </datafield>
  <datafield tag="040" ind1=" " ind2=" ">
    <subfield code="a">DE-605</subfield>
    <subfield code="b">eng</subfield>
    <subfield code="c">DE-605</subfield>
    <subfield code="d">DE-605</subfield>
  </datafield>
  <datafield tag="041" ind1=" " ind2=" ">
    <subfield code="a">eng</subfield>
  </datafield>
  <datafield tag="100" ind1="1" ind2=" ">
    <subfield code="a">Michael Francis Atiyah</subfield>
    <subfield code="4">aut</subfield>
  </datafield>
  <datafield tag="245" ind1="1" ind2="0">
    <subfield code="a">6th HLF - Laureate Lectures: The Riemann Hypothesis</subfield>
  </datafield>
  <datafield tag="264" ind1=" " ind2="1">
    <subfield code="b">Heidelberg Laureate Forum Foundation</subfield>
    <subfield code="c">2018</subfield>
  </datafield>
  <datafield tag="300" ind1=" " ind2=" ">
    <subfield code="a">1 Online-Ressource</subfield>
  </datafield>
  <datafield tag="306" ind1=" " ind2=" ">
    <subfield code="a">004902</subfield>
  </datafield>
  <datafield tag="336" ind1=" " ind2=" ">
    <subfield code="b">tdi</subfield>
  </datafield>
  <datafield tag="337" ind1=" " ind2=" ">
    <subfield code="b">c</subfield>
  </datafield>
  <datafield tag="338" ind1=" " ind2=" ">
    <subfield code="b">cr</subfield>
  </datafield>
  <datafield tag="035" ind1=" " ind2=" ">
    <subfield code="a">(hbzERes_oersi)oersi:aHR0cHM6Ly9kb2kub3JnLzEwLjU0NDYvNDAxODE=</subfield>
  </datafield>
  <datafield tag="035" ind1=" " ind2=" ">
    <subfield code="a">(DE-599)HBZHT031118367</subfield>
  </datafield>
  <datafield tag="024" ind1="7" ind2=" ">
    <subfield code="a">10.5446/40181</subfield>
    <subfield code="2">doi</subfield>
  </datafield>
  <datafield tag="962" ind1=" " ind2=" ">
    <subfield code="e">ZDB-OERSI</subfield>
  </datafield>
  <datafield tag="912" ind1=" " ind2=" ">
    <subfield code="a">ZDB-OERSI</subfield>
  </datafield>
  <datafield tag="856" ind1="4" ind2="0">
    <subfield code="u">https://oersi.org/resources/aHR0cHM6Ly9kb2kub3JnLzEwLjU0NDYvNDAxODE=</subfield>
    <subfield code="x">Aggregator</subfield>
    <subfield code="z">kostenfrei</subfield>
  </datafield>
  <datafield tag="856" ind1="4" ind2="0">
    <subfield code="u">https://doi.org/10.5446/40181</subfield>
    <subfield code="z">kostenfrei</subfield>
  </datafield>
  <datafield tag="856" ind1="4" ind2="0">
    <subfield code="u">https://av.tib.eu/media/40181</subfield>
    <subfield code="z">kostenfrei</subfield>
  </datafield>
  <datafield tag="650" ind1=" " ind2="4">
    <subfield code="a">Informatik</subfield>
    <subfield code="0">https://w3id.org/kim/hochschulfaechersystematik/n71</subfield>
  </datafield>
  <datafield tag="650" ind1=" " ind2="4">
    <subfield code="a">Ingenieurwissenschaften</subfield>
    <subfield code="0">https://w3id.org/kim/hochschulfaechersystematik/n8</subfield>
  </datafield>
  <datafield tag="655" ind1=" " ind2="4">
    <subfield code="a">Video</subfield>
  </datafield>
  <datafield tag="520" ind1="2" ind2=" ">
    <subfield code="a">Sir Michael Francis Atiyah: "The Riemann Hypothesis" The Riemann Hypothesis is a famous unsolved problem dating from 1859. I will present a simple proof using a radically new approach. It is based on work of von Neumann (1936), Hirzebruch (1954) and Dirac (1928). The opinions expressed in this video do not necessarily reflect the views of the Heidelberg Laureate Forum Foundation or any other person or associated institution involved in the making and distribution of the video</subfield>
  </datafield>
  <datafield tag="MBD" ind1=" " ind2=" ">
    <subfield code="M">49HBZ_NETWORK</subfield>
    <subfield code="i">99375631931206441</subfield>
    <subfield code="n">HBZ Network</subfield>
  </datafield>
  <datafield tag="MNG" ind1=" " ind2=" ">
    <subfield code="c">System</subfield>
    <subfield code="f">HBZ</subfield>
    <subfield code="i">marc21</subfield>
    <subfield code="l">66</subfield>
    <subfield code="k">01</subfield>
    <subfield code="e">false</subfield>
    <subfield code="d">2025-05-27 21:23:54 Europe/Berlin</subfield>
    <subfield code="g">99375631931206441</subfield>
    <subfield code="j">60</subfield>
    <subfield code="a">System</subfield>
    <subfield code="b">2025-05-26 17:57:24 Europe/Berlin</subfield>
  </datafield>
  <datafield tag="POR" ind1=" " ind2=" ">
    <subfield code="j">Oersi</subfield>
    <subfield code="x">System</subfield>
    <subfield code="a">53922093280006441</subfield>
    <subfield code="M">49HBZ_NETWORK</subfield>
    <subfield code="p">61908993950006441</subfield>
    <subfield code="q">OERSI (ZDB-OERSI)</subfield>
    <subfield code="c">static</subfield>
    <subfield code="B">Produktsigel: ZDB-OERSI
E-Book-Verfahren: oersi </subfield>
    <subfield code="A">49HBZ_UBD</subfield>
    <subfield code="A">49HBZ_UDE</subfield>
    <subfield code="A">49HBZ_HBO</subfield>
    <subfield code="A">49HBZ_UBO</subfield>
    <subfield code="A">49HBZ_BRS</subfield>
    <subfield code="A">49HBZ_FUH</subfield>
    <subfield code="A">49HBZ_HSD</subfield>
    <subfield code="A">49HBZ_ULM</subfield>
    <subfield code="A">49HBZ_HSN</subfield>
    <subfield code="A">49HBZ_FHA</subfield>
    <subfield code="A">49HBZ_HST</subfield>
    <subfield code="A">49HBZ_UBT</subfield>
    <subfield code="A">49HBZ_FSW</subfield>
    <subfield code="A">49HBZ_HBI</subfield>
    <subfield code="A">49HBZ_OWL</subfield>
    <subfield code="A">49HBZ_BIE</subfield>
    <subfield code="A">49HBZ_PAD</subfield>
    <subfield code="A">49HBZ_ULB</subfield>
    <subfield code="y">2025-05-26 19:46:59 Europe/Berlin</subfield>
    <subfield code="w">2025-05-26 19:46:54 Europe/Berlin</subfield>
    <subfield code="D">https://eu04.alma.exlibrisgroup.com/view/uresolver/49HBZ_NETWORK/openurl?u.ignore_date_coverage=true&amp;portfolio_pid=53922093280006441&amp;Force_direct=true</subfield>
    <subfield code="v">System</subfield>
    <subfield code="z">2025-05-26 17:46:54</subfield>
    <subfield code="i">false</subfield>
    <subfield code="S">62908993940006441</subfield>
    <subfield code="d">https://hbz-network.userservices.exlibrisgroup.com/view/uresolver/49HBZ_NETWORK/openurl?u.ignore_date_coverage=true&amp;rft.mms_id=99375631931206441</subfield>
    <subfield code="b">Available</subfield>
    <subfield code="f">BOOK</subfield>
    <subfield code="e">https://oersi.org/resources/aHR0cHM6Ly9kb2kub3JnLzEwLjU0NDYvNDAxODE=</subfield>
    <subfield code="8">53922093280006441</subfield>
  </datafield>
</record>
